<record><leader>00000cas a22000007a 4500</leader><controlfield tag="001">28408101</controlfield><controlfield tag="008">930709d189u1uuucauwr ne      0    0eng d</controlfield><controlfield tag="009">14485</controlfield><datafield ind1=" " ind2=" " tag="010"><subfield code="a">sn 93051542 </subfield></datafield><datafield ind1=" " ind2=" " tag="040"><subfield code="a">CUY</subfield><subfield code="b">eng</subfield><subfield code="c">CNK</subfield><subfield code="d">OCLCQ</subfield><subfield code="d">ZAP</subfield><subfield code="d">OCLCQ</subfield><subfield code="d">OCLCO</subfield><subfield code="d">OCLCF</subfield></datafield><datafield ind1="1" ind2=" " tag="029"><subfield code="a">AU@</subfield><subfield code="b">000025894641</subfield></datafield><datafield ind1=" " ind2=" " tag="042"><subfield code="a">msc</subfield></datafield><datafield ind1=" " ind2=" " tag="043"><subfield code="a">n-us-ca</subfield></datafield><datafield ind1="0" ind2=" " tag="130"><subfield code="a">Willows journal (Willows, Calif. : 1891 : Weekly)</subfield></datafield><datafield ind1="1" ind2="0" tag="245"><subfield code="a">Willows journal.</subfield></datafield><datafield ind1=" " ind2=" " tag="260"><subfield code="a">Willow, Calif. :</subfield><subfield code="b">W.M. Kelley</subfield></datafield><datafield ind1=" " ind2=" " tag="300"><subfield code="a">v.</subfield></datafield><datafield ind1=" " ind2=" " tag="310"><subfield code="a">Weekly</subfield></datafield><datafield ind1=" " ind2=" " tag="588"><subfield code="a">Description based on: Vol. 14, no. 12 (May 9, 1891).</subfield></datafield><datafield ind1=" " ind2="0" tag="651"><subfield code="a">Glenn County (Calif.)</subfield><subfield code="v">Newspapers.</subfield></datafield><datafield ind1=" " ind2="0" tag="651"><subfield code="a">Willows (Calif.)</subfield><subfield code="v">Newspapers.</subfield></datafield><datafield ind1=" " ind2="7" tag="655"><subfield code="a">Newspapers.</subfield><subfield code="2">fast</subfield><subfield code="0">(OCoLC)fst01423814</subfield></datafield><datafield ind1=" " ind2="7" tag="651"><subfield code="a">California</subfield><subfield code="z">Glenn County.</subfield><subfield code="2">fast</subfield><subfield code="0">(OCoLC)fst01215707</subfield></datafield><datafield ind1=" " ind2="7" tag="651"><subfield code="a">California</subfield><subfield code="z">Willows.</subfield><subfield code="2">fast</subfield><subfield code="0">(OCoLC)fst01215519</subfield></datafield><datafield ind1=" " ind2=" " tag="752"><subfield code="a">United States</subfield><subfield code="b">California</subfield><subfield code="c">Glenn</subfield><subfield code="d">Willows.</subfield></datafield><datafield ind1="0" ind2="0" tag="780"><subfield code="t">Weekly Willows journal</subfield><subfield code="w">(DLC)sn 93051541</subfield></datafield></record>